@inproceedings{nishita,
  title={Display method of the sky color taking into account multiple scattering},
  author={Nishita, Tomoyuki and Dobashi, Yoshinori and Kaneda, Kazufumi and Yamashita, Hideo},
  booktitle={Pacific Graphics},
  volume={96},
  pages={117--132},
  year={1996}
}

@inproceedings{nishita2,
  title={Display of the earth taking into account atmospheric scattering},
  author={Nishita, Tomoyuki and Sirai, Takao and Tadamura, Katsumi and Nakamae, Eihachiro},
  booktitle={Proceedings of the 20th annual conference on Computer graphics and interactive techniques},
  pages={175--182},
  year={1993},
  organization={ACM}
}

@book{veach,
  title={Robust monte carlo methods for light transport simulation},
  author={Veach, Eric},
  year={1998},
  publisher={Stanford University Stanford}
}

@online{scratch,
  author={Scratchapixel},
  title={Simulating the Colors of the Sky},
  year={2017},
  url={http://www.scratchapixel.com/lessons/procedural-generation-virtual-worlds/simulating-sky},
  urldate={2017-08-17}
}

@article {rainbows,
  author = {Reid, John S.},
  title = {Rainbows, halos, and glories. By Robert Greenler. Cambridge University Press (Cambridge), 1980. Pp. X, 195. Â£15},
  journal = {Quarterly Journal of the Royal Meteorological Society},
  volume = {107},
  number = {454},
  publisher = {John Wiley & Sons, Ltd},
  issn = {1477-870X},
  url = {http://dx.doi.org/10.1002/qj.49710745419},
  doi = {10.1002/qj.49710745419},
  pages = {980--981},
  year = {1981},
}
